@article{Black,
 author = {Duncan Black},
 title = {On the Rationale of Group Decision-making},
 journal = {Journal of Political Economy},
 year = 1948,
 volume = 56,
 pages = {23--34}
}

@article{Schwartz,
 author = {Thomas Schwartz},
 title = {Collection of Issues and Vote Trading},
 journal = {The American Political Science Review},
 year = 1977,
 volume = 71,
 number = 3,
 pages = {999-1010}
}

@INPROCEEDINGS{Backstrom,
    author = {Lars Backstrom and Dan Huttenlocher and Jon Kleinberg and Xiangyang Lan},
    title = {Group formation in large social networks: membership, growth, and evolution},
    booktitle = {IN KDD â€™06: PROCEEDINGS OF THE 12TH ACM SIGKDD INTERNATIONAL CONFERENCE ON KNOWLEDGE DISCOVERY AND DATA MINING},
    year = {2006},
    pages = {44--54},
    publisher = {ACM Press}
}

@inproceedings{Tzerpos,
 author = {Tzerpos, Vassilios and Holt, Richard C.},
 title = {On the Stability of Software Clustering Algorithms},
 booktitle = {Proceedings of the 8th International Workshop on Program Comprehension},
 series = {IWPC '00},
 year = {2000},
 isbn = {0-7695-0656-9},
 pages = {211--},
 url = {http://dl.acm.org/citation.cfm?id=518049.856965},
 acmid = {856965},
 publisher = {IEEE Computer Society},
} 

@inproceedings{Yang,
  title={Community detection in networks with node attributes},
  author={Yang, Jaewon and McAuley, Julian and Leskovec, Jure},
  booktitle={2013 IEEE 13th International Conference on Data Mining},
  pages={1151--1156},
  year={2013},
  organization={IEEE}
}

@article{Li,
  title={Community Detection with Node Attributes and its Generalization},
  author={Li, Yuan},
  journal={arXiv preprint arXiv:1604.03601},
  year={2016}
}

@article{Poole,
 ISSN = {00925853, 15405907},
 URL = {http://www.jstor.org/stable/2111172},
 author = {Keith T. Poole, Howard Rosenthal},
 journal = {American Journal of Political Science},
 number = {2},
 pages = {357-384},
 publisher = {[Midwest Political Science Association, Wiley]},
 title = {A Spatial Model for Legislative Roll Call Analysis},
 volume = {29},
 year = {1985}
}

@article{Fowler,
 author = {James H. Fowler},
 title = {Connecting the Congress: A Study of Cosponsorship Networks},
 journal = {Political Analysis},
 year = 2006
}

@inproceedings{Kim,
  title = {Latent Multi-group Membership Graph Model},
  author = {M. Kim and J. Leskovec},
  booktitle={Proceedings of the 29th International Conference on Machine Learning (ICML)},
  year={2012}
}

@inproceedings{Backstrom,
 author = {L. Backstrom and J. Leskovec},
 title = {Supervised Random Walks: Predicting and Recommending Links in Social Networks},
 booktitle = {Proceedings of Web Search and Data Mining (WSDM)},
 year = 2011
}